<?xml version="1.0" encoding="UTF-8"?><collection xmlns="http://www.loc.gov/MARC21/slim"><record><leader>00460nam--2200181-i-4500</leader><controlfield tag="001">000003031</controlfield><controlfield tag="002">20161230</controlfield><controlfield tag="005">20161230201025</controlfield><controlfield tag="008">060222s1000------------r-----000-0-eng-d</controlfield><datafield ind1=" " ind2=" " tag="040"><subfield code="a">IFIN-HH</subfield></datafield><datafield ind1=" " ind2=" " tag="080"><subfield code="a">532</subfield></datafield><datafield ind1="1" ind2=" " tag="100"><subfield code="a">Brown, R.C</subfield></datafield><datafield ind1="1" ind2="0" tag="245"><subfield code="a">Mechanics and properties of matter</subfield><subfield code="c">R.C. Brown</subfield></datafield><datafield ind1=" " ind2=" " tag="250"><subfield code="a">Second Edition</subfield></datafield><datafield ind1=" " ind2=" " tag="260"><subfield code="a">London, Longmans, 1956</subfield></datafield><datafield ind1=" " ind2=" " tag="300"><subfield code="a">IX + 276 P.CU FIG. + IX P</subfield></datafield><datafield ind1=" " ind2=" " tag="852"><subfield code="a">11773</subfield><subfield code="c">531</subfield></datafield><datafield ind1=" " ind2=" " tag="CAT"><subfield code="a">Sys</subfield><subfield code="c">20100622</subfield><subfield code="h">111900</subfield></datafield></record></collection>